%YAML 1.1
%TAG !u! tag:unity3d.com,2011:
--- !u!1 &37692940212917539
GameObject:
  m_ObjectHideFlags: 0
  m_CorrespondingSourceObject: {fileID: 0}
  m_PrefabInstance: {fileID: 0}
  m_PrefabAsset: {fileID: 0}
  serializedVersion: 6
  m_Component:
  - component: {fileID: 37692940212917536}
  - component: {fileID: 37692940212917537}
  - component: {fileID: 37692940212917542}
  - component: {fileID: 37692940212917543}
  - component: {fileID: 6659438926324489027}
  - component: {fileID: 4328640764290155177}
  m_Layer: 0
  m_Name: Rocket
  m_TagString: Rocket
  m_Icon: {fileID: 0}
  m_NavMeshLayer: 0
  m_StaticEditorFlags: 0
  m_IsActive: 1
--- !u!4 &37692940212917536
Transform:
  m_ObjectHideFlags: 0
  m_CorrespondingSourceObject: {fileID: 0}
  m_PrefabInstance: {fileID: 0}
  m_PrefabAsset: {fileID: 0}
  m_GameObject: {fileID: 37692940212917539}
  m_LocalRotation: {x: 0, y: 0, z: 0, w: 1}
  m_LocalPosition: {x: 3, y: 0, z: 2.114}
  m_LocalScale: {x: 1, y: 1, z: 1}
  m_Children:
  - {fileID: 37692940312411434}
  m_Father: {fileID: 0}
  m_RootOrder: 0
  m_LocalEulerAnglesHint: {x: 0, y: 0, z: 0}
--- !u!54 &37692940212917537
Rigidbody:
  m_ObjectHideFlags: 0
  m_CorrespondingSourceObject: {fileID: 0}
  m_PrefabInstance: {fileID: 0}
  m_PrefabAsset: {fileID: 0}
  m_GameObject: {fileID: 37692940212917539}
  serializedVersion: 2
  m_Mass: 1
  m_Drag: 0
  m_AngularDrag: 0
  m_UseGravity: 0
  m_IsKinematic: 0
  m_Interpolate: 1
  m_Constraints: 116
  m_CollisionDetection: 1
--- !u!136 &37692940212917542
CapsuleCollider:
  m_ObjectHideFlags: 0
  m_CorrespondingSourceObject: {fileID: 0}
  m_PrefabInstance: {fileID: 0}
  m_PrefabAsset: {fileID: 0}
  m_GameObject: {fileID: 37692940212917539}
  m_Material: {fileID: 0}
  m_IsTrigger: 0
  m_Enabled: 1
  m_Radius: 0.22
  m_Height: 1.19
  m_Direction: 2
  m_Center: {x: 0, y: 0, z: 0.090699434}
--- !u!114 &37692940212917543
MonoBehaviour:
  m_ObjectHideFlags: 0
  m_CorrespondingSourceObject: {fileID: 0}
  m_PrefabInstance: {fileID: 0}
  m_PrefabAsset: {fileID: 0}
  m_GameObject: {fileID: 37692940212917539}
  m_Enabled: 1
  m_EditorHideFlags: 0
  m_Script: {fileID: 11500000, guid: e5c0377e3aedf90409b114e487a28788, type: 3}
  m_Name: 
  m_EditorClassIdentifier: 
  speed: 10
--- !u!114 &6659438926324489027
MonoBehaviour:
  m_ObjectHideFlags: 0
  m_CorrespondingSourceObject: {fileID: 0}
  m_PrefabInstance: {fileID: 0}
  m_PrefabAsset: {fileID: 0}
  m_GameObject: {fileID: 37692940212917539}
  m_Enabled: 1
  m_EditorHideFlags: 0
  m_Script: {fileID: 11500000, guid: ae7d0b6286df00d46a0a2f6a6f6bc136, type: 3}
  m_Name: 
  m_EditorClassIdentifier: 
  explosion: {fileID: 3029512593545383815, guid: 9c8478c78b1dd894bacf52901d3715db,
    type: 3}
  rocketExplosion: {fileID: 0}
  explosionTrigger: {fileID: 4328640764290155177}
  timeLimit: 0.8
--- !u!135 &4328640764290155177
SphereCollider:
  m_ObjectHideFlags: 0
  m_CorrespondingSourceObject: {fileID: 0}
  m_PrefabInstance: {fileID: 0}
  m_PrefabAsset: {fileID: 0}
  m_GameObject: {fileID: 37692940212917539}
  m_Material: {fileID: 0}
  m_IsTrigger: 1
  m_Enabled: 0
  serializedVersion: 2
  m_Radius: 5
  m_Center: {x: 0, y: 0, z: 0}
--- !u!1001 &37692940312274858
PrefabInstance:
  m_ObjectHideFlags: 0
  serializedVersion: 2
  m_Modification:
    m_TransformParent: {fileID: 37692940212917536}
    m_Modifications:
    - target: {fileID: 100000, guid: b2488347b5c61dc4f970257a94f94019, type: 3}
      propertyPath: m_Name
      value: rocketForSpaceShooter2D02
      objectReference: {fileID: 0}
    - target: {fileID: 100000, guid: b2488347b5c61dc4f970257a94f94019, type: 3}
      propertyPath: m_IsActive
      value: 1
      objectReference: {fileID: 0}
    - target: {fileID: 400000, guid: b2488347b5c61dc4f970257a94f94019, type: 3}
      propertyPath: m_LocalPosition.x
      value: 0
      objectReference: {fileID: 0}
    - target: {fileID: 400000, guid: b2488347b5c61dc4f970257a94f94019, type: 3}
      propertyPath: m_LocalPosition.y
      value: 0
      objectReference: {fileID: 0}
    - target: {fileID: 400000, guid: b2488347b5c61dc4f970257a94f94019, type: 3}
      propertyPath: m_LocalPosition.z
      value: 0
      objectReference: {fileID: 0}
    - target: {fileID: 400000, guid: b2488347b5c61dc4f970257a94f94019, type: 3}
      propertyPath: m_LocalRotation.x
      value: -0
      objectReference: {fileID: 0}
    - target: {fileID: 400000, guid: b2488347b5c61dc4f970257a94f94019, type: 3}
      propertyPath: m_LocalRotation.y
      value: -0
      objectReference: {fileID: 0}
    - target: {fileID: 400000, guid: b2488347b5c61dc4f970257a94f94019, type: 3}
      propertyPath: m_LocalRotation.z
      value: -0
      objectReference: {fileID: 0}
    - target: {fileID: 400000, guid: b2488347b5c61dc4f970257a94f94019, type: 3}
      propertyPath: m_LocalRotation.w
      value: 1
      objectReference: {fileID: 0}
    - target: {fileID: 400000, guid: b2488347b5c61dc4f970257a94f94019, type: 3}
      propertyPath: m_RootOrder
      value: 0
      objectReference: {fileID: 0}
    - target: {fileID: 400000, guid: b2488347b5c61dc4f970257a94f94019, type: 3}
      propertyPath: m_LocalEulerAnglesHint.x
      value: 0
      objectReference: {fileID: 0}
    - target: {fileID: 400000, guid: b2488347b5c61dc4f970257a94f94019, type: 3}
      propertyPath: m_LocalEulerAnglesHint.y
      value: 0
      objectReference: {fileID: 0}
    - target: {fileID: 400000, guid: b2488347b5c61dc4f970257a94f94019, type: 3}
      propertyPath: m_LocalEulerAnglesHint.z
      value: 0
      objectReference: {fileID: 0}
    - target: {fileID: 400000, guid: b2488347b5c61dc4f970257a94f94019, type: 3}
      propertyPath: m_LocalScale.y
      value: 0.125
      objectReference: {fileID: 0}
    - target: {fileID: 400000, guid: b2488347b5c61dc4f970257a94f94019, type: 3}
      propertyPath: m_LocalScale.z
      value: 0.125
      objectReference: {fileID: 0}
    - target: {fileID: 400000, guid: b2488347b5c61dc4f970257a94f94019, type: 3}
      propertyPath: m_LocalScale.x
      value: 0.125
      objectReference: {fileID: 0}
    - target: {fileID: 2300000, guid: b2488347b5c61dc4f970257a94f94019, type: 3}
      propertyPath: m_Materials.Array.data[0]
      value: 
      objectReference: {fileID: 2100000, guid: 94fe48555882c9948b950b79e4dc9782, type: 2}
    m_RemovedComponents:
    - {fileID: 9500000, guid: b2488347b5c61dc4f970257a94f94019, type: 3}
  m_SourcePrefab: {fileID: 100100000, guid: b2488347b5c61dc4f970257a94f94019, type: 3}
--- !u!4 &37692940312411434 stripped
Transform:
  m_CorrespondingSourceObject: {fileID: 400000, guid: b2488347b5c61dc4f970257a94f94019,
    type: 3}
  m_PrefabInstance: {fileID: 37692940312274858}
  m_PrefabAsset: {fileID: 0}
